<?xml version="1.0" encoding="UTF-8"?><collection xmlns="http://www.loc.gov/MARC21/slim"><record><leader>00629nam--2200181-i-4500</leader><controlfield tag="001">000048944</controlfield><controlfield tag="002">20161230</controlfield><controlfield tag="005">20161230201047</controlfield><controlfield tag="008">060222s1000------------r-----000-0-eng-d</controlfield><datafield ind1=" " ind2=" " tag="040"><subfield code="a">IFIN-HH</subfield></datafield><datafield ind1=" " ind2=" " tag="080"><subfield code="a">539.16.08</subfield></datafield><datafield ind1=" " ind2=" " tag="110"><subfield code="a">United States Department Of Commerce</subfield></datafield><datafield ind1="1" ind2="0" tag="245"><subfield code="a">Radioactivity. recommendations of the international commission on radiological units and measurements (1962). (icru) report 10c</subfield></datafield><datafield ind1=" " ind2=" " tag="260"><subfield code="a">Washington</subfield><subfield code="b">National Bureau Of Standards</subfield><subfield code="c">1963</subfield></datafield><datafield ind1=" " ind2=" " tag="300"><subfield code="a">VIII+53P</subfield></datafield><datafield ind1=" " ind2=" " tag="490"><subfield code="a">United States Department Of Commerce</subfield><subfield code="v">Handbook 86</subfield></datafield><datafield ind1=" " ind2=" " tag="852"><subfield code="a">39806</subfield><subfield code="c">539.1.07:539.1.08</subfield></datafield><datafield ind1=" " ind2=" " tag="CAT"><subfield code="a">Sys</subfield><subfield code="c">20111025</subfield><subfield code="h">151618</subfield></datafield></record></collection>